@techreport{cai2022-spatialtemporal,
  type = {Preprint},
  title = {Spatial-Temporal Characteristics and Decoupling Effects of {{China}}'s Transportation Carbon Emissions},
  author = {Cai, Jie and {ma}, shuyue and {ji}, hongmei and {jiang}, wenyue and {bai}, zhongrong},
  year = {2022},
  institution = {{In Review}},
  doi = {10.21203/rs.3.rs-1632059/v1},
  urldate = {2023-02-05},
  langid = {english}
}

@article{gao2021-novel,
  title = {A Novel Fractional Grey {{Riccati}} Model for Carbon Emission Prediction},
  author = {Gao, Mingyun and Yang, Honglin and Xiao, Qinzi and Goh, Mark},
  year = {2021},
  journal = {Journal of Cleaner Production},
  volume = {282},
  pages = {124471},
  issn = {09596526},
  doi = {10.1016/j.jclepro.2020.124471},
  urldate = {2023-03-17},
  langid = {english}
}

@article{huang2022-study,
  title = {Study on the {{Spatial}} and {{Temporal Differentiation Pattern}} of {{Carbon Emission}} and {{Carbon Compensation}} in {{China}}'s {{Provincial Areas}}},
  author = {Huang, Hequ and Zhou, Jia},
  year = {2022},
  journal = {Sustainability},
  volume = {14},
  number = {13},
  pages = {7627},
  issn = {2071-1050},
  doi = {10.3390/su14137627},
  urldate = {2023-03-18},
  langid = {english}
}

@article{ju-long1982-control,
  title = {Control Problems of Grey Systems},
  author = {{Ju-Long}, Deng},
  year = {1982},
  journal = {Systems \& Control Letters},
  volume = {1},
  number = {5},
  pages = {288--294},
  issn = {0167-6911},
  doi = {10.1016/S0167-6911(82)80025-X},
  urldate = {2023-03-17},
  langid = {english}
}

@article{li2018-forecasting,
  title = {Forecasting {{Carbon Emissions Related}} to {{Energy Consumption}} in {{Beijing-Tianjin-Hebei Region Based}} on {{Grey Prediction Theory}} and {{Extreme Learning Machine Optimized}} by {{Support Vector Machine Algorithm}}},
  author = {Li, Menglu and Wang, Wei and De, Gejirifu and Ji, Xionghua and Tan, Zhongfu},
  year = {2018},
  journal = {Energies},
  volume = {11},
  number = {9},
  pages = {2475},
  issn = {1996-1073},
  doi = {10.3390/en11092475},
  urldate = {2023-03-17},
  langid = {english}
}

@article{liu2018-regional,
  title = {Regional Carbon Emission Evolution Mechanism and Its Prediction Approach Driven by Carbon Trading \textendash{} {{A}} Case Study of {{Beijing}}},
  author = {Liu, Jin-peng and Zhang, Xu-bei and Song, Xiao-hua},
  year = {2018},
  journal = {Journal of Cleaner Production},
  volume = {172},
  pages = {2793--2810},
  issn = {09596526},
  doi = {10.1016/j.jclepro.2017.11.133},
  urldate = {2023-03-17},
  langid = {english}
}

@article{ma2023-scattergnn,
  title = {Scatter-{{GNN}}: {{A Scatter Graph Neural Network}} for {{Prediction}} of {{High-Speed Railway Station}}\textemdash{{A Case Study}} of {{Yinchuan}}\textendash{{Chongqing HSR}}},
  author = {Ma, Manfu and Zhang, Yiding and Li, Yong and Li, Xiaoxue and Liu, Yiping},
  year = {2023},
  journal = {Applied Sciences},
  volume = {13},
  number = {1},
  pages = {150},
  publisher = {{Multidisciplinary Digital Publishing Institute}},
  issn = {2076-3417},
  doi = {10.3390/app13010150},
  urldate = {2023-03-29},
  copyright = {http://creativecommons.org/licenses/by/3.0/},
  langid = {english}
}

@misc{merritt2022-what,
  title = {What {{Are Graph Neural Networks}}?},
  author = {Merritt, Rick},
  year = {2022},
  journal = {NVIDIA Blog},
  url = {https://blogs.nvidia.com/blog/2022/10/24/what-are-graph-neural-networks/},
  urldate = {2023-03-29},
  langid = {american}
}

@article{ning2021-forecast,
  title = {Forecast of {{China}}'s {{Carbon Emissions Based}} on {{ARIMA Method}}},
  author = {Ning, Longqi and Pei, Lijun and Li, Feng},
  editor = {Xie, Lei},
  year = {2021},
  journal = {Discrete Dynamics in Nature and Society},
  volume = {2021},
  pages = {1--12},
  issn = {1607-887X, 1026-0226},
  doi = {10.1155/2021/1441942},
  urldate = {2023-02-11},
  langid = {english},
  keywords = {carbon emissions}
}

@article{ren2021-carbon,
  title = {Carbon Emission Forecasting and Scenario Analysis in {{Guangdong Province}} Based on Optimized {{Fast Learning Network}}},
  author = {Ren, Feng and Long, Dinghong},
  year = {2021},
  journal = {Journal of Cleaner Production},
  volume = {317},
  pages = {128408},
  issn = {0959-6526},
  doi = {10.1016/j.jclepro.2021.128408},
  urldate = {2023-02-11},
  langid = {english},
  keywords = {carbon emissions,NN}
}

@article{sun2017-prediction,
  title = {Prediction of Carbon Dioxide Emissions Based on Principal Component Analysis with Regularized Extreme Learning Machine: {{The}} Case of {{China}}},
  author = {Sun, Wei and Sun, Jingyi},
  year = {2017},
  journal = {Environmental Engineering Research},
  volume = {22},
  number = {3},
  pages = {302--311},
  issn = {1226-1025, 2005-968X},
  doi = {10.4491/eer.2016.153},
  urldate = {2023-03-17},
  langid = {english}
}

@article{wu2018-scenario,
  title = {Scenario Analysis of Carbon Emissions' Anti-Driving Effect on {{Qingdao}}'s Energy Structure Adjustment with an Optimization Model, {{Part}} I: {{Carbon}} Emissions Peak Value Prediction},
  author = {Wu, C. B. and Huang, G. H. and Xin, B. G. and Chen, J. K.},
  year = {2018},
  journal = {Journal of Cleaner Production},
  volume = {172},
  pages = {466--474},
  issn = {0959-6526},
  doi = {10.1016/j.jclepro.2017.10.216},
  urldate = {2023-03-17},
  langid = {english}
}

@article{wu2022-prediction,
  title = {Prediction of the {{Spatial Pattern}} of {{Carbon Emissions Based}} on {{Simulation}} of {{Land Use Change}} under {{Different Scenarios}}},
  author = {Wu, Zhenhua and Zhou, Linghui and Wang, Yabei},
  year = {2022},
  journal = {Land},
  volume = {11},
  number = {10},
  pages = {1788},
  issn = {2073-445X},
  doi = {10.3390/land11101788},
  urldate = {2023-02-05},
  langid = {english}
}

@article{ye2022-enhanced,
  title = {An Enhanced Multivariable Dynamic Time-Delay Discrete Grey Forecasting Model for Predicting {{China}}'s Carbon Emissions},
  author = {Ye, Li and Yang, Deling and Dang, Yaoguo and Wang, Junjie},
  year = {2022},
  journal = {Energy},
  volume = {249},
  pages = {123681},
  issn = {03605442},
  doi = {10.1016/j.energy.2022.123681},
  urldate = {2023-02-11},
  langid = {english},
  keywords = {0213,carbon emissions,non-NN}
}

@article{yin2022-spatial,
  title = {Spatial\textendash Temporal Evolution of the Allometric Growth between Economic Scale and Carbon Emissions in {{China}}'s Cities and Its Driving Mechanism},
  author = {Yin, Shanggang and Bai, Caiquan and Xiao, Weiwei},
  year = {2022},
  journal = {Environment, Development and Sustainability},
  issn = {1387-585X, 1573-2975},
  doi = {10.1007/s10668-022-02708-6},
  urldate = {2023-02-05},
  langid = {english}
}

@article{zhou2019-forecasting,
  title = {Forecasting {{CO}} {\textsubscript{2}} {{Emissions}} in {{China}}'s {{Construction Industry Based}} on the {{Weighted Adaboost-ENN Model}} and {{Scenario Analysis}}},
  author = {Zhou, Jianguo and Xu, Xiaolei and Li, Wei and Guang, Fengtao and Yu, Xuechao and Jin, BaoLing},
  year = {2019},
  journal = {Journal of Energy},
  volume = {2019},
  pages = {1--12},
  issn = {2356-735X, 2314-615X},
  doi = {10.1155/2019/8275491},
  urldate = {2023-03-17},
  langid = {english}
}

@article{zhou2020-graph,
  title = {Graph Neural Networks: {{A}} Review of Methods and Applications},
  author = {Zhou, Jie and Cui, Ganqu and Hu, Shengding and Zhang, Zhengyan and Yang, Cheng and Liu, Zhiyuan and Wang, Lifeng and Li, Changcheng and Sun, Maosong},
  year = {2020},
  journal = {AI Open},
  volume = {1},
  pages = {57--81},
  issn = {26666510},
  doi = {10.1016/j.aiopen.2021.01.001},
  urldate = {2023-03-18},
  langid = {english}
}
