% !TEX root = main.tex

@article{eu2020white,
  title={White Paper on Artificial Intelligence--A European Approach to Excellence and Trust},
  author={European Commission},
  journal={COM (2020)},
  volume={65},
  year={2020}
}


@book{lamport86 ,
     author =    "Leslie Lamport" ,
     title =     "\LaTeX: A Document Preparation System" ,
     publisher = "Addison--Wesley Pub.\ Co." ,
     year =      "1986" ,
     address =   "Reading, MA" }